<?xml version="1.0" encoding="UTF-8"?><collection xmlns="http://www.loc.gov/MARC21/slim"><record><leader>00636nam--2200193-i-4500</leader><controlfield tag="001">000009505</controlfield><controlfield tag="002">20161230</controlfield><controlfield tag="005">20161230201028</controlfield><controlfield tag="008">060222s1000------------r-----000-0-eng-d</controlfield><datafield ind1=" " ind2=" " tag="040"><subfield code="a">IFIN-HH</subfield></datafield><datafield ind1=" " ind2=" " tag="080"><subfield code="a">539.171.5</subfield></datafield><datafield ind1="1" ind2=" " tag="100"><subfield code="a">Basdevant, J.L</subfield></datafield><datafield ind1="1" ind2="0" tag="245"><subfield code="a">Pion-pion interaction ii. phenomenological analysis and theories</subfield><subfield code="c">J-l. basdevant, j. reignier</subfield></datafield><datafield ind1=" " ind2=" " tag="260"><subfield code="a">Herceg Novi</subfield><subfield code="b">Ecole Internationale De La Physique Des Particules Elementaires</subfield><subfield code="c">1970</subfield></datafield><datafield ind1=" " ind2=" " tag="300"><subfield code="a">57 P</subfield></datafield><datafield ind1=" " ind2=" " tag="490"><subfield code="a">Ecole Internationale De La Physique Des Particules Elementaires</subfield></datafield><datafield ind1="1" ind2=" " tag="700"><subfield code="a">Reignier, J</subfield></datafield><datafield ind1=" " ind2=" " tag="852"><subfield code="a">34169</subfield><subfield code="c">539.12</subfield></datafield><datafield ind1=" " ind2=" " tag="CAT"><subfield code="a">Sys</subfield><subfield code="c">20111121</subfield><subfield code="h">135425</subfield></datafield></record></collection>